%%%%% Guide til bibtex og litteratur.bib %%%%
%
%% Alle kilder angives efter Harvard-metoden og vil i rapporten fremstaa med [FORFATTER, AAR] eller mere praecist [EFTERNAVN, AAR].
%
%% Nederst findes eksempler paa kildeangivelser af typerne manual, book, article, techreport og misc.
%	% - Manual bruges ved henvisninger fra internettet, idet \url-funktionen findes her
%	% - Book bruges ved helt almindelige boeger
%	% - Article bruges ved artikler og udgivelser
%	% - Techreport kan bruges ved mindre udgivelser, hvor kun titel, forfatter og AAR er noedvendig eller tilgaengelig
%	% - Misc kan bruges ved det, der falder udenfor de andre kategorier - interview, forelaesninger, foredrag osv.
%
%% Hvis der er flere forfattere paa en kilde, SKAL de listes med 'and' imellem dem - ogsaa ved 3 og derover (f.eks. FORFATTER 1 and FORFATTER 2 and FORFATTER 3). NAAR kildelisten bygges i rapporten, vil der ved 2 forfattere komme til at staa [EFTERNAVN 1 og EFTERNAVN 2, AAR] og ved 3 forfattere og derover komme til at staa [EFTERNAVN 1 et. al, AAR].
%
%% Ved almindelige forfatternavne skal der vaere ét saet tuborg-parenteser ved Author (f.eks. author = {H. C. Andersen}). Ved andre navne (f.eks. virksomheder, hjemmesider, grupper, raad, naevn osv.) skal der vaere 2 saet tuborg-parenteser ved Author (f.eks. author = {{Dansk Standard}}). Begrundelse: med 2 saet tuborg-parenteser skrives hele parentesen ud som forfatter, [Dansk Standard, AAR]. Alternativt ville der i eksemplet bare komme til at staa [Standard, AAR].
%
%%-----------------------------------------------------%
%
%%%%% EKSEMPLER (manual, book, article, techreport og misc) %%%%
%

@book{latex,
	title = {The latex companion},
	author = {Frank Mittelbach and Michel Gossens},
	year = {2004},
	number = {ISBN: 0-201-36299-6},
	publisher = {Addision-Wesley},
	series = {Handbook}
}

@book{tekniskstaabi,
	title = {Teknisk Ståbi},
	author = {Bjarne Chr. Jensen and Gunner Mohr and Asta Nicolajsen and Bo Mortensen and Henrik Bygbjerg and Lars Pilegaard Hansen and Hans Jørgen Larsen and Svend Ole Hansen and Dirch H. Bager and Eilif Svensson and Ejnar Søndergaard and Carsten Munk Plum and Hilmer Riberholt and Lars Zenke Hansen and Kaare K. B. Dahl and Henning Larsen and Per Goltermann and Jørgen S. Steenfelt and Carsten S. Sørensen and Werner Bai},
	year = {2007},
	number = {ISBN: 978-87-571-2556-6},
	publisher = {Nyt Teknisk Forlag},
	series = {19. udgave}
}

@manual{isover,
	author ={Isover},
	title ={Typeoversigt over konstruktionsdele},
	address={\url{http://www.isover.dk/bygningskonstruktioner}},
	year ={2008},
	note ={Downloadet: 19-05-2008}
}

@article{julemaend,
	author = {Alex Phil-Andersen},
	title = {Økonomiske julemænd},
	journal = {Nordjyske},
	volume = {10.02},
	pages = {},
	year = {2007}
}

@techreport{bib:bec,
	title = {Budgetafvigelser på kulturbyggerier i Danmark},
	author = {{Byggeriets Evaluerings Center}},
	year = {2007}
}

@misc{karen,
	author = {Karen Skou},
	howpublished = {Gæsteforelæsning hos IDA d. 20/3-2007},
	title = {Realdania - fonden for det byggede miljø},
	year = {2007}
}

@misc{mst,
	author = {Mogens Steen-Thøde},
	howpublished = {Forårssemesteret},
	title = {Forelæsning i Hygrotermisk Bygningsfysik},
	year = {2008}
}

@misc{cd,
	author ={Bilags-CD},
	title ={CD med bilag tilhørende B120}
}

@MANUAL {Kilde,
    title   = {skadjfnsadkfjnsadf},
    author  = {{Danish Bank} and Andreas Riisgaard},
    address = {\url{https://truben.no/latex/bibtex/}},
    year    = {2014}
}

@MANUAL {ColorGuidelines,
	title = "Color Use Guidelines for Mapping and Visualization",
	author = "Cynthia Brewer",
	address = "\url{http://www.personal.psu.edu/cab38/ColorSch/Schemes.html}",
	year = "No data",
	note = "Last Accessed: 05-05-2020."
}

@MANUAL {Dent,
	title = "Cartography - Thematic Map Design",
	author = "Borden D. Dent and Jeffrey S. Torguson and ThomasW. Hodler",
	address = "ISBN 978–0072943825",
	year = "2009",
	note = "Last Accessed: 05-05-2020."
}

@MANUAL {objectsNFields,
	title = "Geospatial Analysis 6th Edition 2.1.6 - Fields",
	author = " Michael J. de Smith and Michael F. Goodchild and Paul A. Longley",
	address = "\url{https://spatialanalysisonline.com/HTML/index.html?fields.htm}",
	year = "2020",
	note = "Last Accessed: 05-05-2020."
}

@MANUAL {Brewer94,
	title = "Guidelines for use of the perceptual",
	author = "Cynthia Brewer",
	address = "\url{https://www.spiedigitallibrary.org/conference-proceedings-of-spie}",
	year = "1994",
	note = "Last Accessed: 05-05-2020."
}

@MANUAL {UNDEASHightlights,
  title = "World Population Prospects 2019 Highlights",
  author = "{United Nations Department of Economic and Social Affairs}",
  address = "\url{https://population.un.org/wpp/Publications/Files/WPP2019_Highlights.pdf}",
  year = "2019",
  note = "Last Accessed: 24-05-2020."
}

@MANUAL {NationalPop,
  title = "Total Population - Both Sexes",
  author = "{United Nations Department of Economic and Social Affairs}",
  address = "\url{https://population.un.org/wpp/Download/Standard/Population/}",
  year = "2019",
  note = "Last Accessed: 24-05-2020."
}

@MANUAL {WhyDetailedPop,
  title = "Spatially explicit global population scenarios consistent with the Shared Socioeconomic Pathways",
  author = "Bryan Jones and Brian C. O'Neill",
  address = "\url{https://iopscience.iop.org/article/10.1088/1748-9326/11/8/084003/meta#references}",
  year = "2016",
  note = "Last Accessed: 24-05-2020."
}

@MANUAL {Kessler,
  title = "A Geosimulation for the Future Spatial Distribution",
  author = "Carsten Ke{\ss}ler and Peter J. Marcotullio",
  address = "\url{http://carsten.io/agile-2017-short-Kessler-Marcotullio.pdf}",
  year = "2017",
  note = "Last Accessed: 24-05-2020."
}

@MANUAL {ConceptSSP,
  title = "A new scenario framework for climate change research:",
  author = "Brian C. O’Neill and Elmar Kriegler and Keywan Riahi and Kristie L. Ebi and Stephane Hallegatte and Timothy R. Carter and Ritu Mathur and Detlef P. van Vuuren",
  address = "\url{https://link.springer.com/article/10.1007/s10584-013-0905-2}",
  year = "2013",
  note = "Last Accessed: 24-05-2020."
}

@MANUAL {SSP,
  title = "A New Toolkit for Developing Scenarios for Climate",
  author = "Kristie L. Ebi and Tom Kram and Detlef P. van Vuuren and Brian C. O'Neill and Elmar Kriegler",
  address = "\url{https://doi.org/10.1080/00139157.2014.881692}",
  year = "2014",
  note = "Last Accessed: 24-05-2020."
}

@MANUAL {Liedman,
  title = "The Hitchhacker’s Guide To Tiled Maps",
  author = "Per Liedman",
  address = "\url{http://www.liedman.net/tiled-maps/}",
  year = "No Date",
  note = "Last Accessed: 24-05-2020."
}

@MANUAL {SlippyMap,
  title = "Slippy map tilenames",
  author = "{OpenStreetMap Wiki}",
  address = "\url{https://wiki.openstreetmap.org/wiki/Slippy_map_tilenames}",
  year = "2020",
  note = "Last Accessed: 24-05-2020."
}

@MANUAL {Slippy101,
  title = "Slippy maps 101",
  author = "{Planet}",
  address = "\url{https://developers.planet.com/tutorials/slippy-maps-101/}",
  year = "No Date",
  note = "Last Accessed: 24-05-2020."
}

@MANUAL {TMSnaming,
  title = "Tile Map Service Specification - TileMap Diagram",
  author = "{OSGeo Wiki}",
  address = "\url{https://wiki.osgeo.org/wiki/Tile_Map_Service_Specification#TileMap_Diagram}",
  year = "2012",
  note = "Last Accessed: 24-05-2020."
}

@MANUAL {TMS,
  title = "TMS",
  author = "{OpenStreetMap Wiki}",
  address = "\url{https://wiki.openstreetmap.org/wiki/TMS}",
  year = "2019",
  note = "Last Accessed: 24-05-2020."
}

@MANUAL {JacobRus,
  title = "File:Munsell-system.svg",
  author = "Jacob Rus",
  address = "\url{https://commons.wikimedia.org/wiki/File:Munsell-system.svg}",
  year = "2007",
  note = "Last Accessed: 24-05-2020."
}

@MANUAL {ColorBrewer,
  title = "ColorBrewer 2.0",
  author = "Cynthia Brewer and Mark Harrower and Ben Sheesley and Andy Woodruff and David Heyman",
  address = "\url{https://colorbrewer2.org/#}",
  year = "2013",
  note = "Last Accessed: 24-05-2020."
}

@MANUAL {LightIsLess,
  title = "K. Stewart Hornsby et al. (Eds.): COSIT 2009, LNCS 5756, pp. 195–211, 2009. © Springer-Verlag Berlin Heidelberg 2009 Evaluating the Effectiveness and Efficiency of Visual Variables for Geographic Information Visualization",
  author = "Simone Garlandini and Sara Irina Fabrikant",
  address = "\url{http://www.geo.uzh.ch/~sara/pubs/garlandini_fabs09.pdf}",
  year = "2009",
  note = "Last Accessed: 24-05-2020."
}

@MANUAL {Baumrocks,
  title = "Client-side Visualisation of Scientific RasterData Using WebGL and Open-SourceWebMappingTechnologies",
  author = "Bernhard Baumrock",
  address = "\url{https://pdfs.semanticscholar.org/16e2/ee741969d14ba6effb9eb9686415edbb32c9.pdf}",
  year = "2018",
  note = "Last Accessed: 24-05-2020."
}

@MANUAL {EOX,
  title = "Visualizing GeoTIFF Tiles with OpenLayers",
  author = "Bernhard Baumrock",
  address = "\url{https://web.archive.org/web/20191031034339/https://eox.at/2018/01/visualizing-geotiff-tiles-with-openlayers/}",
  year = "2018",
  note = "Last Accessed: 24-05-2020."
}

@MANUAL {gdal2tilesDoc,
  title = "gdal2tiles",
  author = "{GDAL}",
  address = "\url{https://gdal.org/programs/gdal2tiles.html}",
  year = "2020",
  note = "Last Accessed: 24-05-2020."
}

@MANUAL {OpenStreetMap,
  title = "OpenStreetMap",
  author = "OpenStreetMap",
  address = "\url{www.openstreetmap.org}",
  year = "2020",
  note = "Last Accessed: 24-05-2020."
}

@MANUAL {Lighthouse,
  title = "Lighthouse",
  author = "{Google Developers}",
  address = "\url{https://developers.google.com/web/tools/lighthouse/}",
  year = "2020",
  note = "Last Accessed: 24-05-2020."
}

@MANUAL {LhPerformance,
  title = "Performance audits",
  author = "{Google Developers}",
  address = "\url{https://web.dev/lighthouse-performance/}",
  year = "No date",
  note = "Last Accessed: 24-05-2020."
}

@MANUAL {LhAccess,
  title = "Accessibility audits",
  author = "{Google Developers}",
  address = "\url{https://web.dev/lighthouse-accessibility/}",
  year = "No date",
  note = "Last Accessed: 24-05-2020."
}

@MANUAL {ARIA,
  title = "ARIA",
  author = "{MDN Web Docs}",
  address = "\url{https://developer.mozilla.org/en-US/docs/Web/Accessibility/ARIA}",
  year = "2020",
  note = "Last Accessed: 24-05-2020."
}

MANUAL {LhBP,
  title = "Best Practices audits",
  author = "{Google Developers}",
  address = "\url{https://web.dev/lighthouse-best-practices/}",
  year = "No date",
  note = "Last Accessed: 24-05-2020."
}

@MANUAL {LhSEO,
  title = "SEO audits",
  author = "{Google Developers}",
  address = "\url{https://web.dev/lighthouse-seo/}",
  year = "No date",
  note = "Last Accessed: 24-05-2020."
}

@MANUAL {LhPWA,
  title = "PWA  audits",
  author = "{Google Developers}",
  address = "\url{https://web.dev/lighthouse-pwa/}",
  year = "No date",
  note = "Last Accessed: 24-05-2020."
}

@MANUAL {WhatIsPython,
  title = "Python Introduction",
  author = "W3Schools",
  address = "\url{https://www.w3schools.com/python/python_intro.asp}",
  year = "No date",
  note = "Last Accessed: 24-05-2020."
}

@MANUAL {WhatIsJs,
  title = "JavaScript Tutorial",
  author = "W3Schools",
  address = "\url{https://www.w3schools.com/js/default.asp}",
  year = "No date",
  note = "Last Accessed: 24-05-2020."
}

@MANUAL {GDAL,
  title = "GDAL",
  author = "GDAL",
  address = "\url{https://gdal.org/}",
  year = "2020",
  note = "Last Accessed: 24-05-2020."
}

@MANUAL {GdalRelease,
  title = "Download",
  author = "GDAL",
  address = "\url{https://gdal.org/download.html#current-releases}",
  year = "2020",
  note = "Last Accessed: 24-05-2020."
}

@MANUAL {gdalLeaflet,
  title = "gdal2tiles-leaflet",
  author = "Commenthol",
  address = "\url{https://github.com/commenthol/gdal2tiles-leaflet}",
  year = "2020",
  note = "Last Accessed: 24-05-2020."
}

@MANUAL {OL,
  title = "A high-performance, feature-packed library for all your mapping needs",
  author = "Openlayers",
  address = "\url{https://openlayers.org/}",
  year = "No Date",
  note = "Last Accessed: 24-05-2020."
}

@MANUAL {Geotiff,
  title = "geotiff.js",
  author = "Fabian Schindler",
  address = "\url{https://geotiffjs.github.io/}",
  year = "2018",
  note = "Last Accessed: 24-05-2020."
}

@MANUAL {Plotty,
  title = "plotty",
  author = "Daniel Santillan",
  address = "\url{https://github.com/santilland/plotty}",
  year = "2020",
  note = "Last Accessed: 24-05-2020."
}

@MANUAL {RasterDrivers,
  title = "Raster drivers",
  author = "GDAL",
  address = "\url{https://gdal.org/drivers/raster/index.html}",
  year = "No date",
  note = "Last Accessed: 24-05-2020."
}

@MANUAL {MoreThan8,
  title = "gdal2tiles for 16bit data",
  author = "Jan Tosovsky and David Strip",
  address = "\url{http://osgeo-org.1560.x6.nabble.com/gdal-dev-gdal2tiles-for-16bit-data-td5163094.html#a5163098}",
  year = "2014",
  note = "Last Accessed: 24-05-2020."
}

@MANUAL {WmtsOl,
  title = "WMTS Layer from Capabilities ",
  author = "Openlayers",
  address = "\url{https://openlayers.org/en/latest/examples/wmts-layer-from-capabilities.html}",
  year = "No date",
  note = "Last Accessed: 25-05-2020."
}

@MANUAL {forEachTileCoord,
  title = "ol/tilegrid/TileGrid~TileGrid",
  author = "Openlayers",
  address = "\url{https://openlayers.org/en/latest/apidoc/module-ol_tilegrid_TileGrid-TileGrid.html#forEachTileCoord}",
  year = "No date",
  note = "Last Accessed: 25-05-2020."
}

@MANUAL {Nominatim,
  title = "Search queries",
  author = "Nominatim",
  address = "\url{https://nominatim.org/release-docs/develop/api/Search/}",
  year = "No date",
  note = "Last Accessed: 25-05-2020."
}

@MANUAL {OlModule,
  title = "Introduction",
  author = "Openlayers",
  address = "\url{https://openlayers.org/en/latest/doc/tutorials/bundle.html}",
  year = "No date",
  note = "Last Accessed: 25-05-2020."
}

@MANUAL {RenderBlocking,
  title = "Eliminate render-blocking resources",
  author = "{Google Developers}",
  address = "\url{https://web.dev/render-blocking-resources/?utm_source=lighthouse&utm_medium=devtools}",
  year = "2019",
  note = "Last Accessed: 25-05-2020."
}

@MANUAL {MinifyJS,
  title = "Minify JavaScript",
  author = "{Google Developers}",
  address = "\url{https://web.dev/unminified-javascript/?utm_source=lighthouse&utm_medium=devtools}",
  year = "2019",
  note = "Last Accessed: 25-05-2020."
}

@MANUAL {LoadingTooMuch,
  title = "Avoid enormous network payloads",
  author = "{Google Developers}",
  address = "\url{https://web.dev/total-byte-weight/?utm_source=lighthouse&utm_medium=devtools}",
  year = "2019",
  note = "Last Accessed: 25-05-2020."
}

@MANUAL {HTTP2,
  title = "Does not use HTTP/2 for all of its resources",
  author = "{Google Developers}",
  address = "\url{https://web.dev/uses-http2/?utm_source=lighthouse&utm_medium=devtools}",
  year = "2019",
  note = "Last Accessed: 25-05-2020."
}

@MANUAL {OldApis,
  title = "Uses deprecated APIs",
  author = "{Google Developers}",
  address = "\url{https://web.dev/deprecations/?utm_source=lighthouse&utm_medium=devtools}",
  year = "2019",
  note = "Last Accessed: 25-05-2020."
}

@MANUAL {PerSI,
  title = "Speed Index",
  author = "{Google Developers}",
  address = "\url{https://web.dev/speed-index/?utm_source=lighthouse&utm_medium=devtools}",
  year = "2019",
  note = "Last Accessed: 27-05-2020."
}

@MANUAL {SIformula,
  title = "Speed Index",
  author = "{WebpageTest.org}",
  address = "\url{https://sites.google.com/a/webpagetest.org/docs/using-webpagetest/metrics/speed-index}",
  year = "2013",
  note = "Last Accessed: 27-05-2020."
}

@MANUAL {FMP,
  title = "First Meaningful Paint",
  author = "{Google Developers}",
  address = "\url{https://web.dev/first-meaningful-paint/}",
  year = "2019",
  note = "Last Accessed: 27-05-2020."
}

@MANUAL {LCP,
  title = "Largest Contentful Paint",
  author = "{Google Developers}",
  address = "\url{https://web.dev/lcp/}",
  year = "2020",
  note = "Last Accessed: 27-05-2020."
}

@MANUAL {TTI,
  title = "Time to Interactive",
  author = "{Google Developers}",
  address = "\url{https://web.dev/interactive/}",
  year = "2019",
  note = "Last Accessed: 27-05-2020."
}

@MANUAL {FCPUI,
  title = "First CPU Idle",
  author = "{Google Developers}",
  address = "\url{https://web.dev/first-cpu-idle/}",
  year = "2019",
  note = "Last Accessed: 27-05-2020."
}

@MANUAL {TBT,
  title = "Total Blocking Time",
  author = "{Google Developers}",
  address = "\url{https://web.dev/lighthouse-total-blocking-time/}",
  year = "2019",
  note = "Last Accessed: 27-05-2020."
}

@MANUAL {FCP,
  title = "First Contentful Paint",
  author = "{Google Developers}",
  address = "\url{https://web.dev/first-contentful-paint/}",
  year = "2019",
  note = "Last Accessed: 27-05-2020."
}

@MANUAL {Multiprocessing,
  title = "Using Multiprocessing to Make Python Code Faster",
  author = "Data@Urban",
  address = "\url{https://medium.com/@urban_institute/using-multiprocessing-to-make-python-code-faster-23ea5ef996ba}",
  year = "2018",
  note = "Last Accessed: 27-05-2020."
}

@MANUAL {NoMulti,
  title = "gdal2tiles.py multiprocessor option not working for overview tiles",
  author = "Herjar",
  address = "\url{https://github.com/OSGeo/gdal/issues/1188}",
  year = "2019",
  note = "Last Accessed: 27-05-2020."
}